@book{LabManual,
  author = {Ijiri, Yumi},
  title = {X-Ray Diffraction},
  publisher = {Department of Physics and Astronomy, Oberlin College},
  year = {2025}
}

@book{Superconductivity,
  author = {Ijiri, Yumi},
  title = {Superconductivity},
  publisher = {Department of Physics and Astronomy, Oberlin College},
  year = {2025}
}

@article{SciPy,
  author  = {Pauli Virtanen and Ralf Gommers and Travis E. Oliphant and others},
  title   = {{\tt SciPy} 1.0: Fundamental Algorithms for Scientific Computing in Python},
  journal = {Nature Methods},
  volume  = {17},
  pages   = {261--272},
  year    = {2020},
  doi     = {10.1038/s41592-019-0686-2}
}

@misc{Si,
  author = {{International Centre for Diffraction Data}},
  title = {{Powder Diffraction File, PDF No. 00-027-1402}},
  year = {2008},
}

@misc{YBa2Cu3O7,
  author = {{International Centre for Diffraction Data}},
  title = {{Powder Diffraction File, PDF No. 00-038-1433}},
  year = {1988},
}

@book{Cullity,
  title={Elements of X-ray Diffraction},
  author={Cullity, B.D.},
  isbn={9780201012309},
  lccn={56010137},
  series={Addison-Wesley metallurgy series},
  url={https://books.google.com/books?id=XJVCgGFTODMC},
  year={1956},
  publisher={Addison-Wesley Publishing Company}
}

@book{Laing,
  title = {An introduction to the scope, potential and applications of x-ray analysis},
  author = {Michael Laing},
  publisher = {University College Cardiff},
  isbn = {0906449065},
  year = {1981},
}

@software{LMFIT,
  author       = {Newville, Matthew and
                  Otten, Renee and
                  Nelson, Andrew and
                  Stensitzki, Till and
                  Ingargiola, Antonino and
                  Allan, Daniel and
                  Fox, Austin and
                  Carter, Faustin and
                  Rawlik, Michal},
  title        = {{{\tt LMFIT}: Non-Linear Least-Squares Minimization and
                   Curve-Fitting for Python
                  }},
  month        = mar,
  year         = 2025,
  publisher    = {Zenodo},
  version      = {1.3.3},
  doi          = {10.5281/zenodo.15014437},
  url          = {https://doi.org/10.5281/zenodo.15014437},
  swhid        = {swh:1:dir:6dbda1361832412880d315cbf608ba498c177d82
                   ;origin=https://doi.org/10.5281/zenodo.598352;visi
                   t=swh:1:snp:0d236d4d8ff7f7248600297b145d047734607d
                   14;anchor=swh:1:rel:5f2a70f7c390d9b78cb661b349b044
                   753cf7e89e;path=lmfit-lmfit-py-f97ddf7
                  },
}

@article{Roentgen1896,
  author = {W. C. Röntgen},
  title = {On a New Kind of Rays},
  journal = {Nature},
  volume = {53},
  pages = {274--276},
  year = {1896},
  doi = {10.1038/053274b0}
}

@article{Laue1912,
  author = {M. von Laue},
  title = {Concerning the Detection of X-ray Interference},
  journal = {Sitzungsberichte der Münchner Akademie},
  year = {1912}
}

@article{Bragg1913,
  author = {William Henry Bragg and William Lawrence Bragg},
  title = {The Reflection of X-rays by Crystals},
  journal = {Proceedings of the Royal Society A},
  volume = {88},
  pages = {428--438},
  year = {1913},
  doi = {10.1098/rspa.1913.0040}
}

