@book{TeachSpinManual,
  author = {Coan, T. E. and Ye, J.},
  title = {Muon Physics},
  publisher = {TeachSpin},
  note = {V120806.0}
}

@misc{NIST_hbar,
  author = {NIST},
  title  = {CODATA Value: reduced Planck constant in eV s},
  year   = {2022},
  url    = {https://physics.nist.gov/cgi-bin/cuu/Value?hbarev},
  note   = {Accessed: 2025-03-20}
}

@misc{NIST_muon,
  author = {NIST},
  title  = {CODATA Value: muon mass},
  year   = {2022},
  url    = {https://physics.nist.gov/cgi-bin/cuu/Value?mmu},
  note   = {Accessed: 2025-03-20}
}

@misc{NIST_Fermi,
  author = {NIST},
  title  = {CODATA Value: Fermi coupling constant},
  year   = {2022},
  url    = {https://physics.nist.gov/cgi-bin/cuu/Value?gf},
  note   = {Accessed: 2025-03-20}
}

@article{SciPy,
  author  = {Pauli Virtanen and Ralf Gommers and Travis E. Oliphant and others},
  title   = {{\tt SciPy} 1.0: Fundamental Algorithms for Scientific Computing in Python},
  journal = {Nature Methods},
  volume  = {17},
  pages   = {261--272},
  year    = {2020},
  doi     = {10.1038/s41592-019-0686-2}
}

@misc{Sage,
  author = {Sage Weisrock},
  title  = {Physics 418 notebook},
  year   = {2025},
  note  = {p. 68},
}

@article{Anderson1936,
  title = {Cloud Chamber Observations of Cosmic Rays at 4300 Meters Elevation and Near Sea-Level},
  author = {Anderson, Carl D. and Neddermeyer, Seth H.},
  journal = {Phys. Rev.},
  volume = {50},
  issue = {4},
  pages = {263--271},
  numpages = {0},
  year = {1936},
  month = {Aug},
  publisher = {American Physical Society},
  doi = {10.1103/PhysRev.50.263},
  url = {https://link.aps.org/doi/10.1103/PhysRev.50.263}
}

@article{Street1937,
  title = {New Evidence for the Existence of a Particle of Mass Intermediate Between the Proton and Electron},
  author = {Street, J. C. and Stevenson, E. C.},
  journal = {Phys. Rev.},
  volume = {52},
  issue = {9},
  pages = {1003--1004},
  numpages = {0},
  year = {1937},
  month = {Nov},
  publisher = {American Physical Society},
  doi = {10.1103/PhysRev.52.1003},
  url = {https://link.aps.org/doi/10.1103/PhysRev.52.1003}
}

@article{Yukawa1935,
  author    = {Hideki Yukawa},
  title     = {On the interaction of elementary particles},
  journal   = {Proceedings of the Physico-Mathematical Society of Japan},
  volume    = {17},
  number    = {48},
  pages     = {139--148},
  year      = {1935},
  doi       = {10.11429/ppmsj1919.17.0_48}
}

@article{Conversi1946,
  title = {On the Mean Life of Slow Mesons},
  author = {Conversi, M. and Piccioni, O.},
  journal = {Phys. Rev.},
  volume = {70},
  issue = {11-12},
  pages = {859--873},
  numpages = {0},
  year = {1946},
  month = {Dec},
  publisher = {American Physical Society},
  doi = {10.1103/PhysRev.70.859},
  url = {https://link.aps.org/doi/10.1103/PhysRev.70.859}
}

@article{Fermi1933,
  author    = {Enrico Fermi},
  title     = {Tentativo di una teoria dei raggi $\beta$},
  journal   = {La Ricerca Scientifica},
  year      = {1933},
  volume    = {2},
  pages     = {12}
}

@article{Chitwood2007,
  title = {Improved Measurement of the Positive-Muon Lifetime and Determination of the Fermi Constant},
  author = {Chitwood, D. B. and Banks, T. I. and Barnes, M. J. and others},
  collaboration = {MuLan Collaboration},
  journal = {Phys. Rev. Lett.},
  volume = {99},
  issue = {3},
  pages = {032001},
  numpages = {5},
  year = {2007},
  month = {Jul},
  publisher = {American Physical Society},
  doi = {10.1103/PhysRevLett.99.032001},
  url = {https://link.aps.org/doi/10.1103/PhysRevLett.99.032001}
}
