@article{Dehlinger2002,
  author = {Dehlinger, Dietrich and Mitchell, M. W.},
  title = {Entangled photons, nonlocality, and Bell inequalities in the undergraduate laboratory},
  journal = {American Journal of Physics},
  volume = {70},
  number = {9},
  pages = {903-910},
  year = {2002},
  month = {09},
  issn = {0002-9505},
  doi = {10.1119/1.1498860},
}

@book{LabManual,
  author = {Ijiri, Yumi},
  title = {Quantum Optics Lab Manual},
  publisher = {Department of Physics and Astronomy, Oberlin College},
  year = {2025}
}

@article{Bell1964,
  title = {On the Einstein Podolsky Rosen paradox},
  author = {Bell, J. S.},
  journal = {Physics Physique Fizika},
  volume = {1},
  issue = {3},
  pages = {195--200},
  numpages = {6},
  year = {1964},
  month = {Nov},
  publisher = {American Physical Society},
  doi = {10.1103/PhysicsPhysiqueFizika.1.195},
}

@article{Clauser1969,
  title = {Proposed Experiment to Test Local Hidden-Variable Theories},
  author = {Clauser, John F. and Horne, Michael A. and Shimony, Abner and Holt, Richard A.},
  journal = {Phys. Rev. Lett.},
  volume = {23},
  issue = {15},
  pages = {880--884},
  numpages = {0},
  year = {1969},
  month = {Oct},
  publisher = {American Physical Society},
  doi = {10.1103/PhysRevLett.23.880},
  url = {https://link.aps.org/doi/10.1103/PhysRevLett.23.880}
}

@article{SciPy,
  author  = {Pauli Virtanen and Ralf Gommers and Travis E. Oliphant and others},
  title   = {{\tt SciPy} 1.0: Fundamental Algorithms for Scientific Computing in Python},
  journal = {Nature Methods},
  volume  = {17},
  pages   = {261--272},
  year    = {2020},
  doi     = {10.1038/s41592-019-0686-2}
}

@article{Einstein1905,
  author = {A. Einstein},
  title = {Ãœber einen die Erzeugung und Verwandlung des Lichtes betreffenden Gesichtspunkt},
  journal = {Annalen der Physik},
  volume = {322},
  number = {6},
  pages = {132--141},
  year = {1905},
  doi = {10.1002/andp.19053220607}
}

@article{Maiman1960,
  author = {T. H. Maiman},
  title = {Stimulated Optical Radiation in Ruby},
  journal = {Nature},
  volume = {187},
  pages = {493--494},
  year = {1960},
  doi = {10.1038/187493a0}
}

@article{Einstein1935,
  author = {A. Einstein and B. Podolsky and N. Rosen},
  title = {Can Quantum-Mechanical Description of Physical Reality Be Considered Complete?},
  journal = {Physical Review},
  volume = {47},
  number = {10},
  pages = {777--780},
  year = {1935},
  doi = {10.1103/PhysRev.47.777}
}

@article{Aspect1982,
  author = {A. Aspect and P. Grangier and G. Roger},
  title = {Experimental Realization of Einstein-Podolsky-Rosen-Bohm Gedankenexperiment: A New Violation of Bell's Inequalities},
  journal = {Physical Review Letters},
  volume = {49},
  number = {2},
  pages = {91--94},
  year = {1982},
  doi = {10.1103/PhysRevLett.49.91}
}

@article{Weihs1998,
  author = {G. Weihs and T. Jennewein and C. Simon and H. Weinfurter and A. Zeilinger},
  title = {Violation of Bell's Inequality under Strict Einstein Locality Conditions},
  journal = {Physical Review Letters},
  volume = {81},
  number = {23},
  pages = {5039--5043},
  year = {1998},
  doi = {10.1103/PhysRevLett.81.5039}
}
