@book{CRCHandbook,
  title     = {CRC Handbook of Chemistry and Physics, 47th edition},
  author    = {Weast, Robert C.},
  publisher = {The Chemical Rubber Co.}
}

@book{LabManual,
  author = {Ijiri, Yumi},
  title = {Magnetometry Lab Manual},
  publisher = {Department of Physics and Astronomy, Oberlin College},
  year = {2025}
}

@book{Jiles,
  title={Introduction to Magnetism and Magnetic Materials},
  author={Jiles, David},
  isbn={9780412386404},
  lccn={gb90025864},
  year={1991},
  publisher={Springer Netherlands}
}

@book{QuantumDesign,
  title={Fundamentals of Magnetism and Magnetic Measurements Featuring Quantum Design's Magnetic Property Measurement System},
  author={McElfresh, Mike},
  year={1994},
  publisher={Purdue University}
}

@book{Oxford,
  title={Making Measurements with a VSM},
  publisher={Oxford Technical Bulletin}
}

@book{CullityGraham,
  title={Introduction to Magnetic Materials},
  author={Cullity, B.D. and Graham, C.D.},
  isbn={9781118211496},
  year={2011},
  publisher={Wiley}
}

@article{SciPy,
  author  = {Pauli Virtanen and Ralf Gommers and Travis E. Oliphant and others},
  title   = {{\tt SciPy} 1.0: Fundamental Algorithms for Scientific Computing in Python},
  journal = {Nature Methods},
  volume  = {17},
  pages   = {261--272},
  year    = {2020},
  doi     = {10.1038/s41592-019-0686-2}
}

@book{Svelto,
  title={Principles of Lasers},
  author={Svelto, O.},
  isbn={9781441913029},
  lccn={2009940423},
  year={2010},
  publisher={Springer US}
}

@book{RbData,
  title={Alkali D Line Data},
  author={Steck, Daniel A.},
  url={https://steck.us/alkalidata/}
}

@book{Brandenberger,
  title={Experiments in Laser Physics and Spectroscopy for Undergraduates},
  author={Brandenberger, J. R.},
}
